@article{chao2010autopilots,
  title={Autopilots for small unmanned aerial vehicles: a survey},
  author={Chao, HaiYang and Cao, YongCan and Chen, YangQuan},
  journal={International Journal of Control, Automation and Systems},
  volume={8},
  pages={36--44},
  year={2010},
  publisher={Springer}
}

@inproceedings{miller2000spheres,
  title={SPHERES: a testbed for long duration satellite formation flying in micro-gravity conditions},
  author={Miller, David and Saenz-Otero, A and Wertz, J and Chen, A and Berkowski, G and Brodel, C and Carlson, S and Carpenter, D and Chen, S and Cheng, S and others},
  booktitle={Proceedings of the AAS/AIAA space flight mechanics meeting},
  year={2000},
  organization={Citeseer}
}

@inproceedings{bualat2018astrobee,
  title={Astrobee: A new tool for ISS operations},
  author={Bualat, Maria G and Smith, Trey and Smith, Ernest E and Fong, Terrence and Wheeler, DW},
  booktitle={2018 SpaceOps Conference},
  pages={2517},
  year={2018}
}

@book{latombe2012robot,
  title={Robot motion planning},
  author={Latombe, Jean-Claude},
  volume={124},
  year={2012},
  publisher={Springer Science \& Business Media}
}

@ARTICLE{A-start-original,
  author={Hart, Peter E. and Nilsson, Nils J. and Raphael, Bertram},
  journal={IEEE Transactions on Systems Science and Cybernetics}, 
  title={A Formal Basis for the Heuristic Determination of Minimum Cost Paths}, 
  year={1968},
}

@inproceedings{mitani2018crew,
  title={Crew-supportive autonomous mobile camera robot on ISS/JEM},
  author={Mitani, Shinji and Goto, Masayuki and Konomura, Ryo and Shoji, Yasushi and Hagiwara, Keiji and Shigeto, Shuhei and Tanishima, Nobutaka},
  booktitle={Proc. of i-SAIRAS},
  year={2018}
}

@incollection{dijkstra2022note,
  title={A note on two problems in connexion with graphs},
  author={Dijkstra, Edsger W},
  booktitle={Edsger Wybe Dijkstra: his life, work, and legacy},
  pages={287--290},
  year={2022}
}

@inproceedings{pedersen2003survey,
  title={A survey of space robotics},
  author={Pedersen, Liam and Kortenkamp, David and Wettergreen, David and Nourbakhsh, I},
  booktitle={Proceeding of the 7th International Symposium on Artificial Intelligence, Robotics and Automation in Space},
  year={2003},
  organization={European Space Agency}
}

@INPROCEEDINGS{RoqueVentura2016spacecobot,
  author={Roque, Pedro and Ventura, Rodrigo},
  booktitle={2016 IEEE/RSJ International Conference on Intelligent Robots and Systems (IROS)}, 
  title={Space CoBot: Modular design of an holonomic aerial robot for indoor microgravity environments}, 
  year={2016},
  doi={10.1109/IROS.2016.7759645}
}

@misc{phodapol2023predictive,
  title={Predictive Controllers for Load Transportation in Microgravity Environments},
  author={Phodapol, Sujet},
  year={2023}
}
@misc{lavalle2006planning,
  title={Planning Algorithms: Cambridge University Press, 2006},
  author={LaValle, SM},
  year={2006}
}


@article{wolek2017model,
  title={Model-based path planning},
  author={Wolek, Artur and Woolsey, Craig A},
  journal={Sensing and Control for Autonomous Vehicles: Applications to Land, Water and Air Vehicles},
  year={2017},
}


@thesis{InesBatista2022Thesis,
  title={Decentralized trajectory optimization for a fleet of industrial mobile robots}, 
  author={Ines Batista and Rodrigo Martins de Matos Ventura and Alberto Manuel Vale},
  school={Instituto Superior TÃ©cnico, Universidade de Lisboa},
  year={2022}
}

@book{grune2017nonlinearmpc,
  title={Nonlinear model predictive control},
  author={Gr{\"u}ne, Lars and Pannek, J{\"u}rgen and Gr{\"u}ne, Lars and Pannek, J{\"u}rgen},
  year={2017},
  publisher={Springer}
}

@article{schwenzer2021review,
  title={Review on model predictive control: An engineering perspective},
  author={Schwenzer, Max and Ay, Muzaffer and Bergs, Thomas and Abel, Dirk},
  journal={The International Journal of Advanced Manufacturing Technology},
  volume={117},
  number={5},
  pages={1327--1349},
  year={2021},
  publisher={Springer}
}

@Article{Andersson2019,
  author = {Joel A E Andersson and Joris Gillis and Greg Horn
            and James B Rawlings and Moritz Diehl},
  title = {{CasADi} -- {A} software framework for nonlinear optimization
           and optimal control},
  journal = {Mathematical Programming Computation},
  volume = {11},
  number = {1},
  pages = {1--36},
  year = {2019},
  publisher = {Springer},
  doi = {10.1007/s12532-018-0139-4}
}

@article{doi:10.1126/scirobotics.abm6074,
    author = {Steven Macenski and Tully Foote and Brian Gerkey and Chris Lalancette and William Woodall},
    title = {Robot Operating System 2: Design, architecture, and uses in the wild},
    journal = {Science Robotics},
    volume = {7},
    number = {66},
    pages = {eabm6074},
    year = {2022},
    doi = {10.1126/scirobotics.abm6074},
    URL = {https://www.science.org/doi/abs/10.1126/scirobotics.abm6074}
}

@article{mohan2009spheres,
  title={SPHERES flight operations testing and execution},
  author={Mohan, Swati and Saenz-Otero, Alvar and Nolet, Simon and Miller, David W and Sell, Steven},
  journal={Acta Astronautica},
  volume={65},
  number={7-8},
  pages={1121--1132},
  year={2009},
  publisher={Elsevier}
}

@inproceedings{bualat2015astrobee,
  title={Astrobee: Developing a free-flying robot for the international space station},
  author={Bualat, Maria and Barlow, Jonathan and Fong, Terrence and Provencher, Chris and Smith, Trey},
  booktitle={AIAA SPACE 2015 conference and exposition},
  pages={4643},
  year={2015}
}

@inproceedings{fluckiger2018astrobee,
  title={Astrobee robot software: A modern software system for space},
  author={Fluckiger, Lorenzo and Browne, Kathryn and Coltin, Brian and Fusco, Jesse and Morse, Theodore and Symington, Andrew},
  booktitle={iSAIRAS (International Symposium on Artificial Intelligence, Robotics and Automation in Space)},
  number={ARC-E-DAA-TN55483},
  year={2018}
}

@INPROCEEDINGS{mitani2019intball,
  author={Mitani, Shinji and Goto, Masayuki and Konomura, Ryo and Shoji, Yasushi and Hagiwara, Keiji and Shigeto, Shuhei and Tanishima, Nobutaka},
  booktitle={2019 IEEE Aerospace Conference}, 
  title={Int-Ball: Crew-Supportive Autonomous Mobile Camera Robot on ISS/JEM}, 
  year={2019},
  volume={},
  number={},
  pages={1-15},
  keywords={Cameras;Attitude control;Fans;Robot vision systems;Navigation},
  doi={10.1109/AERO.2019.8741689}
}

@misc{DLR2018,
  author       = {DLR},
  title        = {CIMON - the intelligent astronaut assistant},
  url = {\url{http://www.dlr.de/dlr/en/desktopdefault.aspx/tabid-10212/332_read-26307/#/gallery/29913}},
  year         = {2018},
  month        = {3},
  note         = {Accessed: 2024-12-15}
}


@book{mccormick1994aerodynamics,
  title={Aerodynamics, aeronautics, and flight mechanics},
  author={McCormick, Barnes W},
  year={1994},
  publisher={John Wiley \& Sons}
}
@inproceedings{martin2010true,
  title={The true role of accelerometer feedback in quadrotor control},
  author={Martin, Philippe and Sala{\"u}n, Erwan},
  booktitle={2010 IEEE international conference on robotics and automation},
  pages={1623--1629},
  year={2010},
  organization={IEEE}
}

@ARTICLE{PRM508439,
  author={Kavraki, L.E. and Svestka, P. and Latombe, J.-C. and Overmars, M.H.},
  journal={IEEE Transactions on Robotics and Automation}, 
  title={Probabilistic roadmaps for path planning in high-dimensional configuration spaces}, 
  year={1996},
  volume={12},
  number={4},
  pages={566-580},
  keywords={Path planning;Robots;Orbital robotics;Motion planning;Joining processes;Computer science;Layout;Workstations;Laboratories},
  doi={10.1109/70.508439}
  }

@article{karaman2011sampling,
  title={Sampling-based algorithms for optimal motion planning},
  author={Karaman, Sertac and Frazzoli, Emilio},
  journal={The international journal of robotics research},
  volume={30},
  number={7},
  pages={846--894},
  year={2011},
  publisher={Sage Publications Sage UK: London, England}
}

@inproceedings{khatib1985real,
  title={Real-time obstacle avoidance for manipulators and mobile robots},
  author={Khatib, Oussama},
  booktitle={Proceedings. 1985 IEEE international conference on robotics and automation},
  volume={2},
  pages={500--505},
  year={1985},
  organization={IEEE}
}

@article{kim1992real,
  title={Real-time obstacle avoidance using harmonic potential functions},
  author={Kim, Jin-Oh and Khosla, Pradeep},
  year={1992},
  publisher={Carnegie Mellon University}
}

@book{rimon1990exact,
  title={Exact robot navigation using artificial potential functions},
  author={Rimon, Elon},
  year={1990},
  publisher={Yale University}
}

@article{kelly2017introduction,
  title={An introduction to trajectory optimization: How to do your own direct collocation},
  author={Kelly, Matthew},
  journal={SIAM Review},
  volume={59},
  number={4},
  pages={849--904},
  year={2017},
  publisher={SIAM}
}

@book{betts2010practical,
  title={Practical methods for optimal control and estimation using nonlinear programming},
  author={Betts, John T},
  year={2010},
  publisher={SIAM}
}

@INPROCEEDINGS{9341541,
  author={Wehbeh, Jad and Rahman, Shatil and Sharf, Inna},
  booktitle={2020 IEEE/RSJ International Conference on Intelligent Robots and Systems (IROS)}, 
  title={Distributed Model Predictive Control for UAVs Collaborative Payload Transport}, 
  year={2020},
  volume={},
  number={},
  pages={11666-11672},
  keywords={Time-frequency analysis;Computational modeling;Collaboration;Predictive models;Trajectory;Frequency control;Payloads},
  doi={10.1109/IROS45743.2020.9341541}
}

@INPROCEEDINGS{9438133,
  author={Farivarnejad, Hamed and Lafmejani, Amir Salimi and Berman, Spring},
  booktitle={2021 IEEE Aerospace Conference (50100)}, 
  title={Fully Decentralized Controller for Multi-Robot Collective Transport in Space Applications}, 
  year={2021},
  volume={},
  number={},
  pages={1-9},
  keywords={Geometry;Three-dimensional displays;Shape;Robot kinematics;Aerospace electronics;Trajectory;Steady-state},
  doi={10.1109/AERO50100.2021.9438133}
  }

  @INPROCEEDINGS{9429795,
  author={Correia, Rui and Ventura, Rodrigo},
  booktitle={2021 IEEE International Conference on Autonomous Robot Systems and Competitions (ICARSC)}, 
  title={Payload transportation in microgravity with single and multiple cooperative free-flyer robots}, 
  year={2021},
  volume={},
  number={},
  pages={173-178},
  keywords={Space vehicles;Uncertainty;Navigation;Transportation;Aerospace electronics;Real-time systems;Trajectory;space robotics;multi-robot load transportation;mobile manipulation;nonlinear model predictive control;trajectory optimization},
  doi={10.1109/ICARSC52212.2021.9429795}
  }

  @inproceedings{phodapol2024collaborative,
  title = {Collaborative Load Transportation in Microgravity Environments: Centralized and Decentralized Predictive Controllers},
  author = {Phodapol, Sujet and Roque, Pedro and Dimarogonas, Dimos V},
  booktitle = {2024 IEEE 20th International Conference on Automation Science and Engineering (CASE)},
  pages = {1548--1553},
  year = {2024},
  organization = {IEEE},
}

@book{bergman2021exploiting,
  title={Exploiting direct optimal control for motion planning in unstructured environments},
  author={Bergman, Kristoffer},
  volume={2133},
  year={2021},
  publisher={Link{\"o}ping University Electronic Press}
}

@article{gros2020linear,
  title={From linear to nonlinear MPC: bridging the gap via the real-time iteration},
  author={Gros, S{\'e}bastien and Zanon, Mario and Quirynen, Rien and Bemporad, Alberto and Diehl, Moritz},
  journal={International Journal of Control},
  volume={93},
  number={1},
  pages={62--80},
  year={2020},
  publisher={Taylor \& Francis}
}

@ARTICLE{7400956,
  author={Pardo, Diego and MÃ¶ller, Lukas and Neunert, Michael and Winkler, Alexander W. and Buchli, Jonas},
  journal={IEEE Robotics and Automation Letters}, 
  title={Evaluating Direct Transcription and Nonlinear Optimization Methods for Robot Motion Planning}, 
  year={2016},
  volume={1},
  number={2},
  pages={946-953},
  keywords={Planning;Dynamics;Robot motion;Optimization;Benchmark testing;Trajectory;Optimization and Optimal Control,;Underactuated Robots;Optimization and Optimal Control;Underactuated Robots},
  doi={10.1109/LRA.2016.2527062}
  }


@article{diehl2002real,
  title={Real-time optimization and nonlinear model predictive control of processes governed by differential-algebraic equations},
  author={Diehl, Moritz and Bock, H Georg and Schl{\"o}der, Johannes P and Findeisen, Rolf and Nagy, Zoltan and Allg{\"o}wer, Frank},
  journal={Journal of Process Control},
  volume={12},
  number={4},
  pages={577--585},
  year={2002},
  publisher={Elsevier}
}

@article{diehl2005real,
  title={A real-time iteration scheme for nonlinear optimization in optimal feedback control},
  author={Diehl, Moritz and Bock, Hans Georg and Schl{\"o}der, Johannes P},
  journal={SIAM Journal on control and optimization},
  volume={43},
  number={5},
  pages={1714--1736},
  year={2005},
  publisher={SIAM}
}

@article{gros2020linear,
  title={From linear to nonlinear MPC: bridging the gap via the real-time iteration},
  author={Gros, S{\'e}bastien and Zanon, Mario and Quirynen, Rien and Bemporad, Alberto and Diehl, Moritz},
  journal={International Journal of Control},
  volume={93},
  number={1},
  pages={62--80},
  year={2020},
  publisher={Taylor \& Francis}
}

@article{durfee1999survey,
  title={A survey of research in distributed, continual planning},
  author={Durfee, Edmund H and Ortiz Jr, Charles L and Wolverton, Michael J and others},
  journal={Ai magazine},
  volume={20},
  number={4},
  pages={13--13},
  year={1999}
}

@article{boyd2011distributed,
  title={Distributed optimization and statistical learning via the alternating direction method of multipliers},
  author={Boyd, Stephen and Parikh, Neal and Chu, Eric and Peleato, Borja and Eckstein, Jonathan and others},
  journal={Foundations and Trends{\textregistered} in Machine learning},
  volume={3},
  number={1},
  pages={1--122},
  year={2011},
  publisher={Now Publishers, Inc.}
}

@ARTICLE{6853439,
  author={Negenborn, R.R. and Maestre, J.M.},
  journal={IEEE Control Systems Magazine}, 
  title={Distributed Model Predictive Control: An Overview and Roadmap of Future Research Opportunities}, 
  year={2014},
  volume={34},
  number={4},
  pages={87-97},
  keywords={Optimization;Computer architecture;Mathematical model;Predictive control;Centralized control;Distributed processing},
  doi={10.1109/MCS.2014.2320397}}

@incollection{muller2013distributed,
  title={Distributed MPC for consensus and synchronization},
  author={M{\"u}ller, MA and Allg{\"o}wer, F},
  booktitle={Distributed Model Predictive Control Made Easy},
  pages={89--100},
  year={2013},
  publisher={Springer}
}

@article{boyd2011distributed,
  title={Distributed optimization and statistical learning via the alternating direction method of multipliers},
  author={Boyd, Stephen and Parikh, Neal and Chu, Eric and Peleato, Borja and Eckstein, Jonathan and others},
  journal={Foundations and Trends{\textregistered} in Machine learning},
  volume={3},
  number={1},
  pages={1--122},
  year={2011},
  publisher={Now Publishers, Inc.}
}

@incollection{dhiman2018cooperative,
  title={Cooperative load control and transportation},
  author={Dhiman, Kuldeep K and Abhishek, Abhishek and Kothari, Mangal},
  booktitle={2018 AIAA Information Systems-AIAA Infotech@ Aerospace},
  pages={0895},
  year={2018}
}

@article{gimenez2018multi,
  title={Multi-objective control for cooperative payload transport with rotorcraft UAVs},
  author={Gimenez, Javier and Gandolfo, Daniel C and Salinas, Lucio R and Rosales, Claudio and Carelli, Ricardo},
  journal={ISA transactions},
  volume={80},
  pages={491--502},
  year={2018},
  publisher={Elsevier}
}


@inproceedings{li2023nonlinear,
  title={Nonlinear model predictive control for cooperative transportation and manipulation of cable suspended payloads with multiple quadrotors},
  author={Li, Guanrui and Loianno, Giuseppe},
  booktitle={2023 IEEE/RSJ International Conference on Intelligent Robots and Systems (IROS)},
  pages={5034--5041},
  year={2023},
  organization={IEEE}
}

@article{tagliabue2019robust,
  title={Robust collaborative object transportation using multiple MAVs},
  author={Tagliabue, Andrea and Kamel, Mina and Siegwart, Roland and Nieto, Juan},
  journal={The International Journal of Robotics Research},
  volume={38},
  number={9},
  pages={1020--1044},
  year={2019},
  publisher={SAGE Publications Sage UK: London, England}
}


@article{loianno2018localization,
  title={Localization, grasping, and transportation of magnetic objects by a team of mavs in challenging desert-like environments},
  author={Loianno, Giuseppe and Spurny, Vojtech and Thomas, Justin and Baca, Tomas and Thakur, Dinesh and Hert, Daniel and Penicka, Robert and Krajnik, Tomas and Zhou, Alex and Cho, Adam and others},
  journal={IEEE Robotics and Automation Letters},
  volume={3},
  number={3},
  pages={1576--1583},
  year={2018},
  publisher={IEEE}
}

@inproceedings{lee2020visual,
  title={Visual-inertial telepresence for aerial manipulation},
  author={Lee, Jongseok and Balachandran, Ribin and Sarkisov, Yuri S and De Stefano, Marco and Coelho, Andre and Shinde, Kashmira and Kim, Min Jun and Triebel, Rudolph and Kondak, Konstantin},
  booktitle={2020 IEEE International Conference on Robotics and Automation (ICRA)},
  pages={1222--1229},
  year={2020},
  organization={IEEE}
}

@inproceedings{ouyang2021control,
  title={Control of an aerial manipulator using a quadrotor with a replaceable robotic arm},
  author={Ouyang, Zizhen and Mei, Ruidong and Liu, Zisen and Wei, Mingxin and Zhou, Zida and Cheng, Hui},
  booktitle={2021 IEEE International Conference on Robotics and Automation (ICRA)},
  pages={153--159},
  year={2021},
  organization={IEEE}
}

@inproceedings{li2021design,
  title={Design and experimental evaluation of distributed cooperative transportation of cable suspended payloads with micro aerial vehicles},
  author={Li, Guanrui and Loianno, Giuseppe},
  booktitle={Experimental Robotics: The 17th International Symposium},
  pages={28--36},
  year={2021},
  organization={Springer}
}

@article{klausen2018cooperative,
  title={Cooperative control for multirotors transporting an unknown suspended load under environmental disturbances},
  author={Klausen, Kristian and Meissen, Chris and Fossen, Thor I and Arcak, Murat and Johansen, Tor Arne},
  journal={IEEE Transactions on Control Systems Technology},
  volume={28},
  number={2},
  pages={653--660},
  year={2018},
  publisher={IEEE}
}

@inproceedings{li2023nonlinear,
  title={Nonlinear model predictive control for cooperative transportation and manipulation of cable suspended payloads with multiple quadrotors},
  author={Li, Guanrui and Loianno, Giuseppe},
  booktitle={2023 IEEE/RSJ International Conference on Intelligent Robots and Systems (IROS)},
  pages={5034--5041},
  year={2023},
  organization={IEEE}
}

@inproceedings{panetsos2022deep,
  title={A deep reinforcement learning motion control strategy of a multi-rotor uav for payload transportation with minimum swing},
  author={Panetsos, Fotis and Karras, George C and Kyriakopoulos, Kostas J},
  booktitle={2022 30th Mediterranean Conference on Control and Automation (MED)},
  pages={368--374},
  year={2022},
  organization={IEEE}
}

@article{lin2023payload,
  title={Payload transporting with two quadrotors by centralized reinforcement learning method},
  author={Lin, Dasheng and Han, Jianda and Li, Kun and Zhang, Jianlei and Zhang, Chunyan},
  journal={IEEE Transactions on Aerospace and Electronic Systems},
  year={2023},
  publisher={IEEE}
}

@ARTICLE{9345959,
  author={Belkhale, Suneel and Li, Rachel and Kahn, Gregory and McAllister, Rowan and Calandra, Roberto and Levine, Sergey},
  journal={IEEE Robotics and Automation Letters}, 
  title={Model-Based Meta-Reinforcement Learning for Flight With Suspended Payloads}, 
  year={2021},
  volume={6},
  number={2},
  pages={1471-1478},
  keywords={Payloads;Adaptation models;Task analysis;Robots;Heuristic algorithms;Mathematical model;Data models;Machine learning for robot control;probabilistic inference;reinforcement learning},
  doi={10.1109/LRA.2021.3057046}
}

@article{trawny2005indirect,
  title={Indirect Kalman filter for 3D attitude estimation},
  author={Trawny, Nikolas and Roumeliotis, Stergios I},
  journal={University of Minnesota, Dept. of Comp. Sci. \& Eng., Tech. Rep},
  volume={2},
  pages={2005},
  year={2005},
  publisher={Citeseer}
}