@inproceedings{correia2021payload,
  title={Payload transportation in microgravity with single and multiple cooperative free-flyer robots},
  author={Correia, Rui and Ventura, Rodrigo},
  booktitle={2021 IEEE International Conference on Autonomous Robot Systems and Competitions (ICARSC)},
  pages={173--178},
  year={2021},
  organization={IEEE}
}

@misc{phodapol2023predictive,
  title={Predictive Controllers for Load Transportation in Microgravity Environments},
  author={Phodapol, Sujet},
  year={2023}
}