@inproceedings{correia2021payload,
  title={Payload transportation in microgravity with single and multiple cooperative free-flyer robots},
  author={Correia, Rui and Ventura, Rodrigo},
  booktitle={2021 IEEE International Conference on Autonomous Robot Systems and Competitions (ICARSC)},
  pages={173--178},
  year={2021},
  organization={IEEE}
}

@misc{phodapol2023predictive,
  title={Predictive Controllers for Load Transportation in Microgravity Environments},
  author={Phodapol, Sujet},
  year={2023}
}

@ARTICLE{7140744,
  author={Li, Wei},
  journal={IEEE Transactions on Cybernetics}, 
  title={Notion of Control-Law Module and Modular Framework of Cooperative Transportation Using Multiple Nonholonomic Robotic Agents With Physical Rigid-Formation-Motion Constraints}, 
  year={2016},
  volume={46},
  number={5},
  pages={1242-1248},
  keywords={Robot kinematics;Mobile robots;Transportation;Trajectory;Encapsulation;Kinematics;Control-law module (CLM);cooperative control;cooperative manipulation;cooperative transportation;encapsulation design methodology;flocking;formation;modular framework;multiagent system;nonholonomic constraint;rigid-closure-method;rigid-formation-motion (RFM);Control-law module (CLM);cooperative control;cooperative manipulation;cooperative transportation;encapsulation design methodology;flocking;formation;modular framework;multiagent system;nonholonomic constraint;rigid-closure-method;rigid-formation-motion (RFM)},
  doi={10.1109/TCYB.2015.2424257}
}

@article{qin2022cooperation,
  title={Cooperation and coordination transportation for nonholonomic mobile manipulators: A distributed model predictive control approach},
  author={Qin, Dongdong and Wu, Jinhui and Liu, Andong and Zhang, Wen-An and Yu, Li},
  journal={IEEE Transactions on Systems, Man, and Cybernetics: Systems},
  volume={53},
  number={2},
  pages={848--860},
  year={2022},
  publisher={IEEE}
}

@incollection{dhiman2018cooperative,
  title={Cooperative load control and transportation},
  author={Dhiman, Kuldeep K and Abhishek, Abhishek and Kothari, Mangal},
  booktitle={2018 AIAA Information Systems-AIAA Infotech@ Aerospace},
  pages={0895},
  year={2018}
}

@inproceedings{farivarnejad2021fully,
  title={Fully decentralized controller for multi-robot collective transport in space applications},
  author={Farivarnejad, Hamed and Lafmejani, Amir Salimi and Berman, Spring},
  booktitle={2021 IEEE Aerospace Conference (50100)},
  pages={1--9},
  year={2021},
  organization={IEEE}
}

@article{gimenez2018multi,
  title={Multi-objective control for cooperative payload transport with rotorcraft UAVs},
  author={Gimenez, Javier and Gandolfo, Daniel C and Salinas, Lucio R and Rosales, Claudio and Carelli, Ricardo},
  journal={ISA transactions},
  volume={80},
  pages={491--502},
  year={2018},
  publisher={Elsevier}
}

@article{yavari2022interleaved,
  title={Interleaved Predictive Control and Planning for an Unmanned Aerial Manipulator With on-the-Fly Rapid Re-Planning in Unknown Environments},
  author={Yavari, Mohammadreza and Gupta, Kamal and Mehrandezh, Mehran},
  journal={IEEE Transactions on Automation Science and Engineering},
  volume={20},
  number={3},
  pages={1690--1705},
  year={2022},
  publisher={IEEE}
}

@article{liu2021analysis,
  title={Analysis, planning and control for cooperative transportation of tethered multi-rotor UAVs},
  author={Liu, Ya and Zhang, Fan and Huang, Panfeng and Zhang, Xiaozhen},
  journal={Aerospace Science and Technology},
  volume={113},
  pages={106673},
  year={2021},
  publisher={Elsevier}
}

@inproceedings{masone2016cooperative,
  title={Cooperative transportation of a payload using quadrotors: A reconfigurable cable-driven parallel robot},
  author={Masone, Carlo and B{\"u}lthoff, Heinrich H and Stegagno, Paolo},
  booktitle={2016 IEEE/RSJ International Conference on Intelligent Robots and Systems (IROS)},
  pages={1623--1630},
  year={2016},
  organization={IEEE}
}

@inproceedings{li2023nonlinear,
  title={Nonlinear model predictive control for cooperative transportation and manipulation of cable suspended payloads with multiple quadrotors},
  author={Li, Guanrui and Loianno, Giuseppe},
  booktitle={2023 IEEE/RSJ International Conference on Intelligent Robots and Systems (IROS)},
  pages={5034--5041},
  year={2023},
  organization={IEEE}
}

@inproceedings{salinas2018null,
  title={Null-space-based path-following control for cooperative payload transport using multiple rotorcraft UAVs},
  author={Salinas, Lucio R and Gimenez, Javier and Rosales, Claudio and Gandolfo, Daniel C},
  booktitle={2018 International Conference on Unmanned Aircraft Systems (ICUAS)},
  pages={631--638},
  year={2018},
  organization={IEEE}
}

@article{tan2018cooperative,
  title={Cooperative control of multiple unmanned aerial systems for heavy duty carrying},
  author={Tan, Yu Herng and Lai, Shupeng and Wang, Kangli and Chen, Ben M},
  journal={Annual Reviews in Control},
  volume={46},
  pages={44--57},
  year={2018},
  publisher={Elsevier}
}